@misc{YCOE,
  author       = {Taylor, Ann and Warner, Anthony and Pintzuk, Susan and Beths, Frank},
  title        = {York-Toronto-Helsinki Parsed Corpus of Old English Prose ({YCOE})},
  year         = {2003},
  howpublished = {\url{http://penn-historical-corpora.uni-mannheim.de/ycoe/YCOEHomepage.html}},
  note         = {Department of Linguistics, University of York}
}

@misc{PPCME2,
  author    = {Kroch, Anthony and Taylor, Ann},
  title     = {Penn-Helsinki Parsed Corpus of Middle {English}, Second Edition ({PPCME2})},
  year      = {2000},
  howpublished = {\url{https://www.ling.upenn.edu/ppche/ppche-release-2016/PPCME2-RELEASE-4}},
  note      = {Department of Linguistics, University of Pennsylvania}
}

@misc{PPCEME,
  author    = {Kroch, Anthony and Santorini, Beatrice and Delfs, Lauren},
  title     = {Penn-Helsinki Parsed Corpus of Early Modern {English} ({PPCEME})},
  year      = {2004},
  howpublished = {\url{https://www.ling.upenn.edu/ppche/ppche-release-2016/PPCEME-RELEASE-3}},
  note      = {Department of Linguistics, University of Pennsylvania}
}

@misc{PPCMBE2,
  author    = {Kroch, Anthony and Santorini, Beatrice and Diertani, Ariel},
  title     = {Penn Parsed Corpus of Modern British {English}, Second Edition ({PPCMBE2})},
  year      = {2016},
  howpublished = {\url{https://www.ling.upenn.edu/ppche/ppche-release-2016/PPCMBE2-RELEASE-1}},
  note      = {Department of Linguistics, University of Pennsylvania}
}

@misc{PCEEC2,
  author    = {Santorini, Beatrice},
  title     = {{PCEEC2}: {Parsed Corpus of Early {English} Correspondence 2}},
  year      = {2023},
  note      = {Available on GitHub},
  url       = {https://github.com/beatrice57/pceec2}
}

@misc{SUSANNE,
  author       = {Sampson, Geoffrey},
  title        = {{SUSANNE Corpus: A Fully Parsed Corpus of {English}}},
  year         = {1995},
  howpublished = {\url{https://www.grsampson.net/RSue.html}},
  note         = {Department of Informatics, University of Sussex}
}

@InProceedings{RSCorpus,
  author = {Hannah Kermes and Stefania Degaetano-Ortlieb and Ashraf Khamis and Jörg Knappen and Elke Teich},
  title = {The Royal Society Corpus: From Uncharted Data to Corpus},
  booktitle = {Proceedings of the Tenth International Conference on Language Resources and Evaluation (LREC 2016)},
  year = {2016},
  month = {may},
  date = {23-28},
  location = {Portorož, Slovenia},
  editor = {Nicoletta Calzolari (Conference Chair) and Khalid Choukri and Thierry Declerck and Sara Goggi and Marko Grobelnik and Bente Maegaard and Joseph Mariani and Helene Mazo and Asuncion Moreno and Jan Odijk and Stelios Piperidis},
  publisher = {European Language Resources Association (ELRA)},
  address = {Paris, France},
  isbn = {978-2-9517408-9-1},
  language = {english}
}

@article{Fischer1988,
  author  = {Olga Fischer},
  title   = {The Evolution of Word Order: Linear Modification in {English}},
  journal = {Folia Linguistica Historica},
  volume  = {7},
  number  = {1--2},
  pages   = {111--140},
  year    = {1988},
  doi     = {10.1515/flih.1988.7.1-2.111}
}

@article{Taylor2020,
  author  = {Ann Taylor},
  title   = {Treebanks in Historical Syntax},
  journal = {Annual Review of Linguistics},
  volume  = {6},
  pages   = {195--212},
  year    = {2020},
  doi     = {10.1146/annurev-linguistics-011619-030515}
}